1758 1305
114 163 861 58 incipit prefacio magistri gau

260 233 676 54 fridi monemutensis

261 306 705 54 in historia britonum

187 380 758 55 cum mecum multa et de multis sepius

228 440 727 51 animo reuoluens in ystoriam regum

101 497 860 58 britannie inciderem in mirum quod infra men

99 556 852 57 tionem quam de eis gildas et beda lu

104 620 846 55 culento tractu fecerant nichil de regibus

109 684 860 55 qui ante incarnationem christi inhabitauerant

109 757 853 54 nichil etiam de arturo ceterisque compluribus qui

113 825 858 52 post incarnationem succeserunt repperissem

118 898 859 49 et gesta eorum digna eternitatis laude consta

108 964 865 53 rent et a multis populis qasi inscripta io

120 1024 839 56 cunde et memoriter predicentur tali a michi

117 1089 835 47 et de talibus multociens cogitanti optu

114 1146 842 45 lit walterus oxinefordensis archi

118 1212 828 50 diaconus uir in oratoria arte atque in ex

108 1273 860 27 oticis ystoriis eruditus quendam brita

1173 182 581 50 britannia insularum oct

1173 246 582 53 dentali occeano inter gall

1115 321 641 51 niam sita dccc milia in long

1111 391 643 52 in latum continens quicquid

1118 455 638 51 usui congruit in deficient

1111 512 640 56 te ministrat mni et enim gener

1119 577 636 48 campos late sparsos habet et coll

1121 646 629 37 prepollenti culture aptos in

1122 709 632 38 diuersitate ubertate glebe temporibus

1117 771 631 43 niunt habet et nemora uniuersis

1116 840 638 47 generibus repleta et quorum in salt

1114 909 616 42 nandis animalium pastibus

1121 977 635 51 ueniunt et a uolantibus apibus

1114 1040 636 46 uersorum colorum mella distribuit

1121 1098 635 45 ta sub aeriis montibus amen

1118 1156 636 46 rentia in quibus fontes lucidi

1108 1220 636 48 riuos leni murmure man

1111 1269 642 33 nus suauis soporis in ripis
