1695 1245
73 105 1532 51 si uideris nudum operi eum et pauperem et absque tecto induc in tabernaculum tuum

88 173 1526 58 tunc erumpet temporanea lux tua et sanitates tue cito orientur hoc quoque

125 240 1507 53 quod scriptum est in lxx misit de bethel sarasar et ebeser rex nullus nostrorum

132 309 1493 58 potuit exponere neque enim quod male uersum est ex ebreo ulla ratione ex

134 365 1453 73 planari potest quis est enim iste sarasar et ebeser rex aut cuius prouincie aut

119 429 1507 70 in qua ue de qua misit bethel aut cuius bethel rex esse poterat ebeser que

129 495 1497 63 olim cum iudea fuerat destituta et eo tempore nequaquam uocabatur bethel

126 564 1510 60 id est domus domini sed betauen idest domus ydoli hoc quoque quod sequitur ingressa est in men

120 636 1512 54 se quinto sanctificatio sicut fecerant iam per multos annos sic conantur ex

134 706 1508 56 ponere sanctificationem ingressam uasa templi que a nabucodonosor fu

130 771 1561 56 erant sublata in illo tempore restituta de quinti autem et septimi ieiunio

126 845 1540 57 temptauerunt referre ad dies ebdomadis sed quia sequitur decimi ieiuni

131 914 1552 60 um compulsi sunt ad menses referre et quod sit ipse quinti et septimi decimum

121 987 1507 53 que mensis ieiunium omnino siluerunt ut de priore simus explanatione

119 1049 1522 58 contenti et non indignemur ad falsos commentantium conatus qui de interpre

124 1116 1474 55 tationis errore uenerunt et factum est uerbum domini ad zachariam dicens

82 1177 1553 59 hec dicit dominus exercituum dicens iudicium iustum iudicate et misericordiam et
