1820 1368
151 198 665 50 videbitur sine fastidio amabitur sine

139 257 690 53 fatigatione laudabitur hoc munus cete

141 317 670 48 rum qui futuri sunt pro meritis pre

141 382 695 43 miorum et grado bonorum atque glori

149 442 689 45 arum quis est ydoneus cogitare quanto

147 503 672 44 magis dicere quia tamen futurum sint non est am

157 564 667 43 bigendum atque ita etiam beata illa ciuitas

159 622 659 46 magnum in se donum uidebit

154 684 680 45 quod nulli superiori nullus inferior

148 741 680 50 inuidebit sicut non inuident archangelis

150 804 663 44 angeli ceteri tam nollet esse unusquisque

150 862 669 40 quod non accepit quamuis sit pacatissi

140 921 678 45 mo uinculo concordie ei qui accepit

148 982 670 46 obstrictus quam nec in corpore uult o

146 1041 672 47 cul i u s esse qui est digitus cum mem

145 1102 690 44 brum utrumque contineat tocius partis

143 1161 677 45 paccata compago sic itaque habe

141 1222 682 44 bit donum alius alio minus ut hoc quoque

139 1283 593 47 donum habeat ne uelit amplius

983 208 659 42 vicia per sapientie doctrina aliter

975 267 654 48 per insipientis pessimam uitam ita

995 330 651 45 et obliuiones malorum due sunt aliter

993 386 651 43 ea namque obliuiscitur eruditus

994 445 656 46 et doctus aliter expertus et passus ille

994 504 663 50 si periciam negligat iste si mise

987 569 664 40 ria careat secundum hanc obliuionem

996 623 661 50 quam posteriore loco posui non erunt

993 676 682 57 memores sancti preteritorum malorum

982 744 662 49 carebunt enim omnibus ita ut penitus

991 805 671 42 deleatur eorum sensibus et tamen

989 861 660 47 potentia scientie que magna in eis erit non solum

988 920 686 44 sua preterita sed etiam dampnatorum eos sempiterna mi

985 975 687 52 seria non latebit inuocabimus et uidebimus

977 1033 662 52 et amabimus amabimus et laudabimus

986 1089 661 53 ecce quod erit in fine sum fine explicit

987 1206 686 59 hunc librum fecit scribi dominus b de castaneto

988 1278 633 50 dei gratia episcopus albiensis anno domini m ccc
