1332 1819
98 147 530 49 per quod prouocemur ad humilitatem exem

106 193 534 49 plo sue conuersationis per quod informemur

104 232 534 45 ad sanctitatem et memoria passionis

107 268 534 50 per quod incitemur ad karitatem quarto

108 309 546 46 scribitur in hoc templo cordis spiritu

112 350 516 45 ale alphabetum siue spiritualis scrip

103 389 536 40 tura hec autem scriptura que ibi scribitur

103 422 529 41 triplex est scilicet dictamina faciendorum

107 464 515 44 testimonia diuinorum beneficiorum propriorum

113 503 512 46 accusatio delictorum de hiis tribus

104 535 524 50 r ii c ii gentes que legem non

111 580 512 46 habent naturaliter que legis sunt fa

112 619 522 42 ciunt huiusmodi legem non habentes ipsi

111 656 526 40 sibi sunt lex qui ostendunt opus

119 690 522 44 legis scriptum in cordibus suis ecce

111 730 531 43 primum testimonium illis reddente conscientia

115 768 530 36 ipsorum ecce secundum et intra se cogi

112 805 522 36 tationem accusantium ue etiam deffen

120 839 505 40 dencium ecce tercium quinto

110 877 513 40 debent pingi cruces idest assumi

114 917 538 40 penitentie asperritates que quidem debent

111 960 526 39 inungi et igne illustrari quia non

120 999 519 38 solum ferende sunt pacienter sed

110 1033 531 43 etiam libenter quod per unctionem et ar

113 1074 520 39 denter per ignem unde bernardus qui

120 1113 511 39 minatur terrore crucem christi

113 1148 522 41 portat pacienter qui perficit in spe

119 1185 515 43 portat libenter sed qui consumatur

119 1228 550 38 in karitate amplectitur iam ar

119 1262 523 42 denter bernardus multi uident cruces

125 1302 497 40 nostras sed non uident unctiones

127 1348 511 34 nostras qui igitur hoc in se habebit

131 1386 522 37 uere templum ad honorem dei de

125 1426 506 36 dicatum erit dignus plane in

130 1459 511 40 quo christus habitet per gratiam ut tandem

126 1500 522 33 in eo habitate dignetur per gloriam

134 1541 508 32 quod ipse nobis prestare dignetur

131 1579 508 32 qui uiuit et regnat deus per

124 1617 426 35 omnia secula seculorum amen

124 1683 519 35 hic liber scriptus fuit apud

133 1724 515 33 cystercium anno domini mil

737 165 532 54 lesimo ccc iiii decimo kalen

737 206 204 39 das marcii

733 281 536 56 expliciunt legende sanctorum ue

743 326 438 51 passionale adbreuiatum

728 400 539 46 scriptorem gratum faciat deus

744 435 528 48 atque beatum et sibi primatum

739 476 529 48 tribuat deleat in reatum amen

732 593 531 35 scribere qui fecit hunc librum

755 634 502 34 non malefecit ille diu duret

747 667 518 37 post mortem sydera curet amen

745 759 529 48 hunc de gillento c scripsit

748 803 521 41 non pede lento quem deus in

745 844 533 34 celis tradat manibus michaelis

750 883 251 34 amen
