1760 1223
98 63 1660 52 acidisse aliquem immo credunt pectora brachia et uultum ipsu

41 136 1708 55 genus cibi et ex hoc auctor exclamando dicit ergo quid diceret picta

41 208 1717 57 ue quo non fugeret si uident hec monstra qui abstinuit cunctis

39 281 1713 51 bus tanquam ab homine nec indulsit uentri omne legumen quasi dica

40 352 1718 56 tagoras credebat esse magnum nephas nom comedere homin

40 430 1716 61 egiptii sed manducare animalia et omnia legumina quod fortius est in i

38 502 605 63 ingerere retardabat

44 723 1110 67 finito libro sit laus et gloria christo amen

53 862 1701 73 iste liber qui senatorius uocatur fuit scriptus per me nicolaum olim de per

47 945 1712 63 anno domini millesimo ccc vii indictione v tempore domini clementis p

49 1021 1700 68 anno eius secundo mensis aprelis die xix et fuit compilatus quo ad lecti

40 1094 1704 73 nobilem et illustrem uirum dominum gentilem de filiis ursi tempore sui senatus
