1765 1342
94 120 707 76 memoriam misericordie ignorat xlii

70 224 874 51 ceperunt autem aque minui post centum

65 288 870 71 quinquaginta dies et requieuit ar

87 383 828 66 cha super montes armenie in epistula ad

755 475 224 62 ysatium

101 476 654 62 seruata ueritate hystorie quid est

80 559 859 68 aliud quod diluuii tempore genus humanus

80 645 890 66 extra archam moritur ad uitam uero in archa

81 731 879 67 seruatur nisi hoc quod nunc aperte cernimus

79 819 867 66 quia in fideles quosque extra ecclesiam un

60 907 864 70 da peccati sui perimit et fideles suos

81 991 858 68 in fide et caritate sancte ecclesie unitas quasi ar

85 1080 842 64 che conpago custodit que uidelicet ar

78 1169 856 66 cha de lignis inputribilibus conpingitur quia de

112 1255 854 65 fortibus animabus et in bono suo perseuerantibus

1285 124 474 61 archa in qua homines et

1176 204 586 67 reptilia tempore dilu

1159 291 603 66 scam ecclesiam prefigurauit i

1151 381 610 64 et mali conueniunt permixta

1155 470 607 64 sitatefiliorum quia sic omnes ad f

1157 554 604 65 ut tamen omnes per inmutationem u

1153 645 594 66 tem spiritalis gratie culpis exig

1156 731 606 64 ducat viam itaque presentis sc

1173 816 578 65 gimus tunc autem discernemur cum ac

1155 913 590 61 nerimus boni uero si sine malis f

1157 995 584 59 fecte boni esse non possunt quia mir

1100 1082 661 69 gantur ipsa autem societas malo

1141 1170 605 63 tio est bonorum tres filios noe

1142 1256 615 65 et iaphet archa continuit sed
