1800 1316
347 108 1338 53 uelationem isque in itinere cum prophetam agabum repperisset

351 183 1333 58 quanta se aduersitas in iherosolimis maneret audiuit scrip

352 253 1340 58 tum est quippe quod idem agabus zonam pauli suis pedibus in

344 318 1358 65 serens dixit virum cuius hec zona est sic alligabunt in ihe

340 392 1364 61 rusalem a paulo autem protinus respondetur ego non solum

337 467 1378 60 alligari sed etiam mori in ierusalem paratus sum pro nomine iesu ne

339 541 1375 55 que enim preciosiorem fatio animam meam quam me perceptione

340 609 1360 66 igitur reuelationis iherosolimam pergens aduersa cognoscit et tamen

345 681 1339 65 hec libenter appetit audit que timeat sed ad hec arden

342 754 1369 66 tior anhelat moyses itaque ad prospera de suo nil habet quia preci

334 829 1361 58 bus renititur ne israhelitice plebi preferatur paulus ad aduersa eti

338 895 1350 65 am ex suo uoto ducitur quia malorum imminentium cognitionem

344 971 1346 61 percipit sed deuotione spiritus etiam ad acriora feruescit ille presentis

342 1037 1341 64 potestatis gloriam deo uoluit iubente declinare iste deo aspera et

343 1104 1354 64 dura disponente se studuit ad grauiora preparare preeun

350 1180 1341 61 te ergo utrorumque ducum infracta uirtute instituimur ut si

319 1239 1362 67 obedientie palmam apprehendere ueraciter nitimur prosperis huius seculi
