1336 1832
270 91 978 53 men et illesum inuenit gesta autem huius sancti iulia

270 160 969 56 ni ad integrum habere nequiuimus ad manum

261 240 1012 56 sancte brigide uirginis kalendis febroarii ex gestis

274 320 145 42 eius

539 390 723 54 beata brigida orta fuit in sco

555 463 697 54 cia de bona prosapia ex patre

547 536 709 53 dubtocho et matre broca proge

541 613 710 52 hec a sua puericia bonarum

261 692 1004 50 rerum studiis inoleuit pudicicie ac sobri

259 761 996 48 etati intenta semper de bonis ad meliora

282 830 985 54 crescebat et ab ipsa puellari etate uirtutum

273 906 976 53 signis extitit admiranda cum enim a ma

282 980 1010 50 tre sua transmissa esset ut de uaccarum lacte bu

276 1053 998 53 tirum congregaret et ad pondus redderet si

272 1128 1014 50 cut alie puelle in illis regionibus facere solebant

264 1197 1010 56 hec iam tunc uirgo hospitalis magis uolens

279 1269 997 54 obedire deo quam hominibus pauperibus et hospitibus tam

287 1342 995 51 lac quam butirum largitur distribuere cepit et

291 1409 989 49 cum tempus aduenisset ut omnes redderent fruc

289 1476 978 57 tum uaccarum cooperatrices eius monstraue

287 1550 977 58 runt opera sua completa uentum est ad bri

290 1618 983 67 gidam ut redderet opus suum que non

293 1694 966 62 habens quid redderet quia totum pauperibus ero

298 1764 983 59 gauerat timore matris pauida totam se con
