1796 1300
135 148 1572 72 puritate celesis desiderii gaudent erat eneum quia multi sunt qui dicunt mente

140 233 1574 64 seruiuimus legi dei carne autem legi peccati erat ante templi fores positum

144 306 1616 58 quia pauci sunt qui renuntiant omnibus que possident ut ad ostium porticus appro

151 370 1571 60 pinquent porticus siquidem templi est ut superius diximus renuntiatio mundi in hac por

143 444 1609 58 ticu due eriguntur columpne una castitatis altera sobrietatis ut qui mundo renuntiant

152 513 1587 64 sobrie et caste deo uiuant post porticum renuntiationis sequitur templum recte conu

130 584 1298 56 conuersionis de altari aureo et mensa aurea et candelabro

133 653 1586 63 in hoc templo est altare aureum est mensa aurea sunt et candelabra de auro purissi

130 724 1615 65 mo facta in altari accendebantur thimiamata in mensa panes ponebantur in candela

121 799 1604 64 bris lucerne altare aureum sunt corda electorum thimiamata bona opera odor thi

129 880 1604 51 miamatum boni operis exemplum fumus thimiamatum qui superius ascendit est intentio

120 945 1599 58 orationis que ex affectu cordis ad desideranda celestia tendit mensa uero aurea est diuina

123 1015 1622 61 scriptura panes sunt apostoli siue eorum successores ex quorum actibus tanquam ex pa

94 1096 1654 57 nibus reficiuntur fidelium mentes qui panes propositionis conuenienter possunt appellar

110 1168 1646 52 quia ad imitandum proponuntur uniuerso orbi decem candelabra sunt decem legis precepta

88 1230 1665 65 lucerne lumen doctrine possunt hec et aliter dici sit igitur altare dilectio mensa lectio cande
