1767 1185
154 82 1087 65 ducentum paruulos ad uiam que ducit ad christum

177 163 1031 50 qui conuerti fecerit peccatorem ab errore

154 217 1076 54 uie sue saluabit animam eius a morte et operit

154 276 1070 62 multitudinem peccatorum ex hoc uerbo trahere

146 341 1052 56 potuit gregorius nullum esse deo accepcius sa

154 408 1093 48 crificium quam zelum animarum quod si tanta sollicitu

149 467 1099 55 dinis inquietudine si tot uigiliis et curiis immorta

154 536 1091 54 libus per media uite pericula querunt homines

146 601 1096 48 saluate res uanas iam iam perituras si collige

144 668 1091 53 re satagunt uiles terrenarum opum sarcinulas

142 733 1071 47 quas apostolus arbitrabatur ut stercora et

139 792 1103 49 dum hec agunt laudantur ut industrii ut diligen

141 846 1102 54 tes ut officiosi et utiles rei publice uidete

141 908 1103 53 oro quanta est uel inhercia uel infidelitas de ani

148 966 1097 55 marum immortalium salute non curare christianos

133 1025 1091 57 ymo qualis illa est impudentissima peruersi

140 1085 1080 54 tas eos inculpare dominus que nunc apertis nunc

135 1136 1109 46 occultis prepedire qui ducere paruulos satagunt
