1864 1389
169 182 1648 73 sudario porrigitur ad altare quod sudarium ponitur in cornu alta

178 275 1633 68 calix in latere oblata in altari componitur non post tergum lętanię

177 363 1643 65 ita cęlebrantur in uigiliis paschę ut noster mos olim obtinuit id est

183 441 1632 69 post baptismum per sepnarium et quinarium et ternarium numerum

624 527 1196 72 officialis liber

546 621 1264 66 gloriosissime imperator et magnificen

567 703 1244 63 sime ac centies inuictissime a deo coronate nec n

565 783 1249 66 et conseruate atque conseruande seruus ego uester a

552 868 1250 64 larius quamuis minimus omnium afficiebar oli

551 954 1257 61 desiderio ut scirem rationem aliquam de ordine nostrę

177 1021 1619 69 missę quam consuęto more cęlebramus et amplius ex diuersitate q

182 1106 1627 79 solet fieri in ea hoc est quod aliquotiens una epistola legitur aliquoti

179 1196 1620 74 ens duę et cętera talia simulque de ceteris officiis pręterita proxim
