1304 1795
166 48 1109 71 sit carnis substantia testantur sepuchra quis parentum

176 140 1103 66 amicorum fidelium quamlibet dilecti sui tangere scaturien

170 222 1108 68 uermibus carnem potest caro itaque cum concupiscit p

176 305 1105 76 setur quid sit exanimis et intelligitur quid amatur nichil quippe s

176 392 1097 68 ad edomandum carnalium desideriorum appetitum ualet quam u

179 487 1097 63 unusquisque hoc quod uiuum diligit quale sit mortuum penset

190 579 1090 61 considerata etenim corruptione carnali citius cognoscitur quia

179 672 1093 61 illicite caro concupiscitur tabes desideratur bene ergo de lux

184 755 1096 60 riosi mente dicitur dulcedo illius uermis quia is qui in desiderio car

186 846 1090 64 lis corruptionis exestuat ad fetorem putredinis anhel

179 933 1099 63 hec sicut in huius partis tercie initio promisisse me me

179 1013 1091 71 ni sub breuitate transcurri ut ea que in hoc opere sec

184 1102 1091 67 tur quia magna obscuritate implicata sunt opitulant

186 1202 1086 68 deo latius disserantur explicit liber sextus deci

134 1301 1123 58 pars terci

134 1487 1125 53 liber mon

183 1550 1089 78 tis sanct

174 1653 1092 70 marie uer

170 1724 1093 54 men
