1733 1260
586 235 1143 57 reuerende discretionis domino magistro hugoni cantuariensis

577 288 1147 65 domini pape nuncio in anglia frater nicolaus treueth or

566 345 1158 62 recommendatione humili reuerenciam et honorem antiquitat

553 408 1175 63 aliquod exordium siue per creationem ut catholici seu per iuno

563 467 1164 66 flagrationes seu diluuia sicut platonici non eodem eam

565 540 1165 50 uallo inter ceteros autem maioris uetustatis assertores inuen

528 602 1198 49 sacerdotibus insignem inter septem sapientes solonem instruc

505 659 1224 54 meo saim urbem egipciacam octo milibus annorum tunc ste

114 733 1607 46 athenarum processit condicio mille annis sed multo antiquior hiis fingitur gens eg

113 789 1617 54 cianus in prologo astronomie sue qui ipso libro rarius inuenitur ex persona sapentie per

114 851 1616 54 assent uiguisse sed hunc antiquitatis positionem uelut fabulosis fit

113 914 1616 51 augustinus de ciuitate dei libro 12mo non solum quia ueritati sacre scripture disso

118 974 1610 60 hystoriis grecorum qui inter mundi sapientes ante romanos habiti sunt clariores

112 1035 1618 56 nimenta declarant discrepare quam plurimum inuenitur quam dissonanciam declarans sanc

108 1095 1621 56 docet quomodo ut liquet ex quadam epistula quam matri sue olimpiadi alexander n

110 1153 1620 61 riorum regno ascribunt egipcii annorum 5000 amplius cui greci non ultra 1300 ait

110 1189 1589 67 tuque ab eodem termino sue sumant computationis principium uidelicet ab exordio regni
