1871 1326
47 135 1223 91 tria hec maior autem his est caritas xiiii

288 247 1458 81 sectamini caritatem emulamini spiritualia magis autem

256 353 1497 97 ut prophetetis qui enim loquitur lingua non hominibus loquitur

71 467 1698 85 sed deo nemo enim audit spiritus autem loquitur mysteria nam qui

39 567 1738 102 prophetat hominibus loquitur ad edificationem et exhortationem et con

59 680 1718 82 solationem qui loquitur lingua semet ipsum edificat qui autem

37 796 1720 97 prophetat ecclesiam dei edificat uolo autem uos omnes loqui linguis

54 911 1711 91 magis autem prophetare nam maior est qui prophetat quam qui loqui

62 1020 1697 90 tur lingua nisi forte interpretetur ut ecclesia edificationem accip

57 1133 1720 93 at nunc autem fratres si uenero ad uos linguis loquens quid uo

74 1248 1680 59 prodero nisi uobis loquar aut in reuelatione aut in scientia au
