1872 1360
357 166 364 52 ordinis

320 373 598 48 anno domini m cc nonagesimo v

306 439 600 49 non fuit celebratum capitulum generale

303 497 596 45 propter mortem uenerabilis patris ma

313 543 588 41 gistri ordinis fratris stephani de

315 589 578 46 bisuncio qui obiit in conuentu lu

312 641 608 42 chano romane prouincie in festo

315 693 610 40 sancte cecilie uirginis et martiris

313 738 592 38 anno domini m cc nonagesimo iiii

327 786 607 44 anno domini m cc nonagesimo vi

314 841 629 37 celebratum fuit lxxi capitulum generale

313 885 603 46 in argentina in prouincia theutonie

307 938 617 42 in quo capitul fuit electus in magistrum

308 996 588 39 ordinis uenerabilis pater dominus frater

310 1047 580 49 nycholaus de triuisio qui tunc

309 1105 582 50 erat prior prouincialis lombardie

307 1165 622 46 anno domini m cc nonagesimo vii

304 1219 643 40 celebratum fuit lxxii capitulum generale

278 1276 630 46 ueneciis in prouincia lombardie pre

1061 371 654 50 anno domini m ccci celebra

1049 436 659 44 tum fuit lxxv capitulum generale colonie

1061 487 641 44 in prouincia theotonie in quo capitul fuit

1059 539 614 44 electus in magistrum ordinis fratrum

1059 581 662 47 bernardus de iuzico dyocesis uasacensis

1057 634 656 46 de prouincia tholosana qui tunc erat

1050 680 639 46 prior prouincialis prouincie nondum diuise

1080 730 599 39 anno domini m cccii celebratum

1051 774 626 50 fuit lxxvi capitulum generale bononie

1053 819 680 51 in prouincia lombardie a prefato magistro bernardo

1047 1031 655 52 qui obiit post predictum capitulum in conuentu

1053 1095 620 45 treuerensi in prouincia theutonie xv

1036 1140 633 58 kalendas octobris in festo beati lamberti

1036 1196 655 63 anno domini m ccciiii celebratum

1043 1260 667 46 fuit lxxviii capitulum generale tholose
