1884 1350
79 103 1687 72 eris dabo tibi licet dimidium regni mei que cum exisset dixit matri sue

79 172 1732 64 quid petam et illa dixit caput iohannis babtiste cumque introisset statim cum festi

89 239 1717 59 natione ad regem petiuit dicens uolo ut protinus des michi in disco caput

97 306 1691 60 iohannis babtiste et contristatuus est rex propter iusiurandum et propter simul re

79 374 1694 60 cumbentes noluit eam contristare sed misso spiculatore precepit afferri

79 441 1690 56 caput eius in disco et decollauit eum in carcere et adtulit caput eius in disco et

85 513 1670 49 dedit illud puelle et puella dedit matri sue quo audito discipuli

77 585 1706 59 eius uenerunt et tulerunt corpus eius et posuerunt illd in monumento et egressus est

91 650 1646 56 iesus et discipuli eius in castella cesaree philippi et in uia interrogabat

83 725 1695 43 discipulo suo dicens eis quem me dicunt hominnes esse qui responderunt illi

86 782 1684 53 dicentes iohannem babtistam alii heliam alii uero quasi unum de prophetis tunc

72 845 1687 64 dicit illis vos uero quem me diciti esse respondens petrus ait ei tu es christus

76 912 1684 59 et comminatus est eis ne cui dicerent de illo et interrogabant eum dicentes quid ergo

84 969 1636 63 dicunt pharisei et scribe quia heliam oportet primum venire qui respondens

84 1029 1718 70 ait illis helias cum uenerit primo restituet omnia et quomodo scriptum est in filium homini

97 1094 1648 76 ut multa paciatur et contempnatur sed dico uobis quia et helias venit et fecerunt illi

91 1155 1692 79 quecumque uoluerunt sicut scriptum est de eo explicit hec scripsit b armarius anno mccxiii
