1222 1710
247 77 359 64 non enim nosmet

149 203 456 70 ipsos predicamus

188 324 389 61 sed iesum christum do

194 445 385 56 minum nostrum no

188 562 396 59 autem seruos uestros

203 679 361 59 per iesum quoniam deus

215 796 361 60 qui dixit de tene

189 917 384 58 bris lucem splen

187 1037 400 64 descere ipse illuxit

181 1151 379 66 in cordibus nostris

190 1280 395 59 ad illuminaci

176 1395 424 66 onemscientie clarita

184 1523 376 56 tis dei in facie christi

185 1637 101 56 iesu

670 38 386 43 nedico glorie christi non enim

669 96 404 48 et cetera uel ita continua commendamus

666 160 430 48 nos in manifestacione ueri

662 221 413 46 tatis et cetera alia facimus

670 279 410 51 et hec propter christum non enim predicamus nos

676 341 392 52 met ipsos sed iesum christum dominum

669 404 391 47 nostrum idest predicacio nostra non

669 462 396 47 tendit ad gloriam nostram uel

672 524 404 43 ad lucra nostra sed ad gloriam

665 580 417 46 christi quem predicamus saluato

662 637 408 47 rem et dominum nostrum esse illum

663 699 406 46 predicamus esse dominum nos autem

666 762 387 41 dominis esse seruos idest minis

661 816 390 44 stros uestros et hoc per christum qui

658 877 406 45 nobis hoc iniunxit hoc autem

657 935 408 46 facimus quoniam deus ipse illuxit

661 996 403 44 in cordibus nostris idest se qui est lumen

663 1055 393 45 nobis infu n dit qui dixit

661 1117 404 42 idest precepto solo fecit lucem

655 1173 386 44 splendere de tenebris quod

653 1231 421 46 fuit in separacione elementorum

661 1294 403 54 ceperunt enim tenebre ex quo

658 1361 404 50 confusa moles celi et terre cepta

662 1418 401 54 esse antequam lux facta esset qua

661 1477 411 50 illuminaretur quod sine luce fu

642 1536 418 51 erat tenebrosum postea e uero

305 1600 754 48 accedente luce quod factum est melius redditur in quo profi

285 1653 777 49 cientis hominis affectio significatur unde apostolus loquens
