1767 1333
185 153 1246 46 cuncta illuminans os dei lingua ignita sapentiam promens fons iugiter sa

189 209 1214 42 nitates emanans qui mare in meabilibus gressibus sanctificasti qui terram

196 263 1204 41 purpuream tuo cruore fecisti qui celos commeasti ubi in medio diuine

193 315 1215 43 aciei refulges in splendore inmarcessibilis glorie splendes in exul

185 365 1031 51 tatione iocunditatis insaciabilis gaudes hec theodorus

286 417 760 39 augustinus hoc nomen sortitus est ue propter

298 461 1097 41 ethi

171 510 1237 43 mologiam nominis propter excellentiam dignitatis quoniam sicut imperator au

179 558 1221 42 gustus precellebat omnes reges sic et iste excellit omnes doctores secundum quod

185 609 1212 41 dicit remigius unde alii doctores comparantur stellis danielis xii qui

191 658 1222 41 ad iustiam erudiunt multos sicut stelle et cetera hic autem comparatur soli sicut

184 707 1218 40 paulus in epistula que de eo cantatur quasi sol refulgens sic ipse refulsit in

187 750 1201 44 templo dei secundo propter feruorem dilectionis quoniam sicut mensis augustus

189 800 1236 37 ualde feruet estu caloris sic et ipse ualde incaluit igne diuini

193 847 1224 43 amoris unde ipse in libro confessionum de se dicit sagittaueras tu cor

196 902 1228 42 meum caritate tua et cetera item ibidem aliquando intromittis me in affectum

185 949 1235 45 multum inusitatum introrsus nescio ad quam dulcedinem que si perficiatur

195 1003 1181 37 in me nescio quid erit quod uita ista non erit tercio propter ethy

193 1051 1204 44 mologiam nominis dicitur enim augustinus ab augeo et astim

195 1105 1199 41 quod est ciuitas et ana quod est sursum inde augustinus quasi augens su

194 1159 1229 43 pernam ciuitatem unde de eo cantatur qui preualuit amplificare

198 1216 1220 45 ciuitatem et cetera ue ut dicitur in glosario augustinus dicitur magnificus

185 1264 1206 49 felix preclarus in doctrina fuit enim magnificus in uita
