1312 1805
90 98 1189 77 debita nostra sicut et nos dimittimus debitoribus n

91 180 1184 79 spera te resurrecturum et tunc futurum omni modo sin

90 265 1181 75 peccato quia ille resurrexit qui primus fuit sine peccato a uig

86 353 1185 69 matutina spera noli dicere ego non sum dignus propter peccata non e

77 427 1194 85 sed multa apud illum redemptio et ipse redimet

97 508 1176 81 israhel ex omnibus iniquitatibus eius explicit de psa

105 592 1159 78 mo centesimo vicesimo nono incipit

103 669 1166 81 de psalmo centesimo tricesimo

120 759 1152 75 in isto psalmo commendatur nobis humilitas se

122 835 1143 79 ui dei et fidelis cuius uoce cantatur quod est uni

112 922 1148 74 uersum corpus christi sepe enim admonuimus cari

118 1001 1144 73 tatem uestram non quasi unius hominis cantantis u

114 1078 1142 73 cem accipi debere sed omnium qui sunt in christi cor

124 1155 1144 80 pore et quia in illius corpore sunt omnes tanquam i

128 1239 1144 80 homo loquitur et ipse est unus qui et multi sunt m

112 1328 1158 74 ti enim sunt in seipsis unus sunt in illo qui unus est

124 1414 1146 73 ipsum est etiam templum dei de quo apostolus dicit temp

124 1494 1140 75 enim dei sanctum est quod estis uos omnes qui creddunt in

131 1571 1132 80 christum et sic credunt ut diligant hoc est crede

82 1649 1167 82 in christum diligere christum non quomodo demones
