1279 1773
44 46 1092 59 qvia largiente domino

571 133 559 48 missarum sollempnia ter

627 203 509 60 hodie celebraturi sumus

660 283 461 60 loqui diu de euange

665 364 461 59 lica lectione non pos

632 445 485 58 sumus sed nos aliquid

608 522 514 64 uel breuiter dicere re

578 602 544 62 demptoris nostri natiuitas

560 688 582 59 ipsa compellit quid est quod

636 765 515 61 nascituro domino mundus

740 848 348 57 describitur nisi

73 932 1067 60 hoc quod aperte monstratur quia ille ueni

68 1014 1043 60 ebat in carne qui electos suos ascriberet in ęterni

66 1098 1062 60 tate cui contra de reprobis per prophetam dicitur

33 1179 1104 59 deleantur de libro uiuentium et cum iustis non scri

70 1255 1007 59 bantur qui bene etiam in bethleem nascitur

27 1332 1074 61 bethleem quippe domus panis interpretatur ipse

66 1416 1059 56 namque est qui ait ego sum panis uiuus qui de cęlo des

70 1489 1072 60 cendi locus ergo in quo dominus nasceretur domus panis

61 1569 1083 61 ante uocatus est quia futurum profecto erat ut ille

61 1647 1055 71 ibi per materiam carnis appareret qui electorum mentes

62 1725 1069 48 interna satietate reficeret qui non in parentum
