1380 1854
276 329 1035 66 cum uomitu precipue in egritudinibus acutis et horis

266 404 1030 59 crisis et quandoque est cum communitate neruorum uenientium ad

274 473 1041 56 ea a cerebro et nucha cum communitate quam cerebrum habet cum eis

807 548 470 52 fen noua de dispositio

805 611 468 52 nibus gutturis cuius

816 676 479 49 est unus tractatus con

807 746 499 47 tinens tresdecim capitu

805 815 492 50 la capitulum primum est

812 883 490 50 de anathomia gutturi

565 548 242 49 per guttur

565 611 240 50 intelligimus

571 676 245 54 spatium in quo

564 747 243 47 sunt meatus

267 814 538 50 hanelitus et cibi et de eo

253 883 559 50 sunt additio que est una

198 953 1099 54 et amigdale et galsamathi et tu quidem iam sci

185 1022 1116 54 uisti anathomiam mery et anathomiam epyglotis una

262 1091 1034 51 uero est substantia carnosa pendens supra supremam par

251 1159 1063 50 tem epiglotis sicut uelamen et eius quidem iuuamentum

248 1227 1069 50 est gradatio aeris ut non percutiat suo frigore pulmo

253 1295 1048 59 nem subito et prohibeat puluerem et fumum et ut

275 1368 1023 51 sit percutiens uocem qua confortetur et magnifi

279 1435 1004 54 cetur quasi ipsa sit porta custodiens super exitum uocis

283 1505 996 47 quantitate sua et propter hoc uocet eius incisio uoci et

273 1568 1032 52 preparat pulmonem ad recipiendum frigus et nocumentum eius

279 1633 1027 56 et tussim ab eo due uero amigdale sunt due car

275 1707 1033 49 nes nate in radice lingue tendentes ad superiora ac
