1759 1246
167 93 435 104 christianus ille uere christianus

130 217 788 53 est qui omnibus

149 277 755 50 misericordiam facit qui nulla omnino mo

149 335 752 51 uetur iniuria qui alienum dolorem tan

152 396 771 50 quam proprium sentit cuius mensam nullus

147 455 744 48 pauper ignorat qui coram hominibus in

139 513 776 50 glorius habetur ut coram deo et ange

147 571 756 56 lis glorietur qui terrena contempnit

137 628 785 63 ut possit habere celestia qui opprimi

145 695 756 57 pauperem se presente non patitur qui

141 756 758 51 miseris subuenit qui ad fletum

148 811 761 56 fletibus prouocatur alienis quod bene

147 869 748 54 faciebat paulus quis infirmatur

146 930 729 54 et ego uero infirmor augustinus libro de

150 993 298 45 uita christana

97 1061 778 48 christiani nomen ille frustra sortitur

135 1120 779 45 qui christum minime immitatur quid enim

184 1175 666 49 tibi prodest uocari quod non es et nomen

1137 60 617 42 uiuat crux est atque mrty

1135 110 585 53 magximus in sermone natalis domini

1101 177 465 47 ubi fides ueritas f

1128 225 226 108 christus

1098 350 657 58 a esuriuit christus qui omnes pa

1132 409 615 55 sitiuit per quem causatur on

1137 471 616 47 tus et qui spiritualiter panis e

1126 522 630 54 riencium fonsque sitientium a

1127 586 623 55 terrestri fatigatus est qui se

1127 648 629 60 nobis uiam fecit in celum uelu

1131 711 617 51 mutuit et obsurduit coram

1138 767 611 48 ciantibus per quem mutus locu

1140 825 608 53 et surdus audiuit uinctus est

1140 881 615 61 de infirmitatum uinculis nos sol

1134 945 616 55 flagellatus est qui omni flag

1135 1006 619 55 lorum de hominum corporibus expulit

1129 1069 618 50 fixus est qui cruciatus nostros fi

1126 1130 629 60 mortuus est qui mortuos susc

1123 1185 632 51 sed et resurrexit nunquam moritu
