1896 1400
193 183 1380 50 si quid ob commissorum penitenciam eligitis uel iniuriam

188 244 1383 48 amicis uestris ne a nicomede inferri sinite sic eni facien

180 305 1389 47 tibus uobis auxilia contra italos regem nostrum laturum

183 370 1401 48 pollicemur uel apparentem amiciciam saltem dissoluite uel

183 442 1371 39 romam ad iudicium contendamus una sic pelopidas

181 495 1380 55 elocutus est hi autem insolenciis illum loqui

187 572 1371 33 arbitrantes mitridatem a nicomede et capadocia abstinere

178 622 1401 48 imperant se statim ariobarzanem in eam reducturos esse

194 685 1393 50 pelopidam insuper ab exercitu cedere iubent nec ulterius ad

184 749 1402 49 eos reuerti nisi in his que mandata essent permaneret rex

182 812 1414 47 in hunc modum tulere sentenciam et discendenti abinde pelopi

184 872 1397 47 de custodiam adhibuere ne quempiam in itinere peruerteret

193 932 1386 53 quibus peractis consilia tanti belli neutique expectantes

188 991 1383 51 aut ut populo nota fierent

188 1054 1401 53 et galatis qui in asia sunt statim

190 1116 1389 55 mouent verum quia propius ipsis exercitus aderat quem lu

190 1183 1391 55 cassius asie proconsul retinebat et omnes sociorum uires in unum

192 1247 1392 53 conuenerant dispartitis copiis unusquisque castra ponit cas

187 1310 1427 49 sius bithinie et galacie in medio in annis per inferiora bithi
