1876 1316
207 236 648 51 dubium non est idem quare die do

219 292 647 45 minico sacerdotum ordinaciones cele

725 348 141 42 brantur

335 350 390 44 quod in die dominico or

318 409 545 44 dinaciones sacerdotum episcoporum celebran

187 466 662 48 tur non tantum ex consuetudine set eciam

220 525 624 51 ex apostolica nouimus uenire doctrina

224 582 615 48 scriptura actus xiii uersus princeps manifestante quod cum apostoli

220 642 642 47 paulum et barnabam ex spiritus sancti precepto

228 697 631 48 ad eungelium gentibus mitterent predi

228 754 643 48 candum ieiunantes et orantes impo

223 814 651 46 suerunt eis manus ut intelligamus

236 872 632 52 quanta et dancium et accipiencium deuoci

232 933 640 49 one curandum sit ne tante benedictionis

210 990 660 50 sacramentum neggligenter uideatur imple

207 1048 664 50 tum et ideo pie et laudabilliter apostolicis morem

241 1111 643 47 gesseris institutis si hnc ordinando

214 1163 684 53 rum sacerdoctum formam per ecclesias quibus

210 1226 652 48 dominus preesse te uoluit etiam ipse seruaueris

991 239 665 44 icii ac mediane ebdomade et sabbati

990 292 660 46 ieiunio circa uesperas ipsas ordinaciones

1000 351 651 42 noueritis celebrandas nec cuiuslibet uti

995 410 633 41 litatis causa presbiterum seu dyaconem hiis

997 469 642 42 preferre audeant qui ante ipsos fuerint

1004 525 392 43 ordinati distinctio lxxvi

1101 586 542 43 quibus temporibus ieiunia celebranda

1101 641 555 43 sunt calixtus papa determinat scri

990 696 674 44 bens benedicto episcopo quibus temporibus ieiuni

1445 755 215 40 a celebren

1557 815 94 40 tur

1053 756 392 40 ieiunium quod ter i apud

1052 814 505 45 nos in anno celebrare di

1046 871 596 47 dicistis conueniencius nobis nunc per qua

1002 927 646 50 tuor tempora fieri decernimus ut sicut annus

991 982 670 56 per quatuor uoluiter tempora sic et nos quaternum

1004 1045 644 47 sollempne agamus ieiunium per quatuor

999 1100 653 50 anni tempora item ex concilio magociensi

1511 1156 139 45 de eodem

1110 1162 401 47 constituimus ut quatuor

1146 1222 492 42 tempora anni ab omnibus hominibus cum
