1238 1742
463 8 720 61 incipit speculum sacerdotum

262 134 912 51 cclesie sancte regimen qui ducere sancte

269 195 943 49 uis hec metra lege de sancta condita lege

255 256 958 44 que si perlegere bene uis et corde tenere

149 311 862 55 acti complere poteris bona semper habere

153 370 923 61 hoc speculum clarum curam monstrans animarum

144 431 957 67 condo tibi carum plusquam sit gemma uel aurum

153 493 930 57 quo possis animas sacramento reddere mundas

162 552 862 59 crimina uitare uirtutes multiplicare

155 611 846 57 ut bene uiuendo subiectis sancta docendo

156 670 811 57 tandem leteris in celis et speculeris

148 733 863 51 adducendo gregem summum per secula regem

150 795 805 50 hoc concedente domino bene cuncta regente

150 855 826 44 primo tamen dominum rogo trinum semper et unum

149 913 990 49 a quo cuncta bona manant ut det michi dona

145 973 990 54 cum quibus hoc speculum ualeam complere nouellum

143 1037 782 46 utile mundanis animabus edificandis

359 1101 694 42 de modo et forma huius libri

136 1143 953 54 de titulo pandam tibi primo commoda quedam

134 1201 885 54 ut serues uitam post hec dicetur honestam

132 1261 815 64 que debes scire faciam post ista subire

145 1316 818 66 hinc quod in ecclesia residencia sit facienda

141 1382 886 65 que sunt officia tibi subiungam fugienda

139 1438 892 83 post hec officia tibi debita iungo nouena

134 1499 897 83 scilicet in sacra digne tractes sacramenta

135 1552 858 98 ut missas celebres deuote post ea cernes

135 1608 978 109 postea monstratur quid quomodo confiteatur

135 1666 910 72 quomodo doctrinam tradas
