1800 1339
408 109 1291 63 hoc in nomine domini admonemus quantum posumus et precipimus

396 209 1307 40 ut quando auditis exponi sacramentum scripturę narranti

403 293 1279 46 quę gesta sunt prius illud quod lectum est credatis

399 393 1347 43 sic gestum quomodo lectum est ne subtracto fundamento

401 492 1226 63 rei gestę quasi in aere quaerati edificare

302 583 1430 67 abraham pater noster homo erat illis temporibus fideli

379 668 1318 61 credens deo iustificatus ex fide sicut scriptura dicit

369 762 1338 61 et uetus et noua suscepit filium de sara uxore

377 850 1303 68 iam in senectute utrisque constituti ex magna

396 938 1272 64 desperatione sed secundum hominem quid autem de deo non

403 1027 1324 71 sperandum cui nichil difficile est qui sic facit magna

391 1111 1320 71 quomodo parua sic suscitat mortuo quomodo creat

352 1194 1335 81 uiuos si pictor eadem arte facit murem
