1446 1962
105 97 1166 54 qua enim libertate possunt alios corripere dum tacite sibi respondent se eadem

93 155 1182 58 corrigunt commissise quoniam non potest hortator esse uiduitatis qui coniugia f

89 209 1182 61 tauerit in euangelio quoque probatur eum qui trabem gestat in oculo suo non posse fes

91 266 1180 69 educer de oculo fratris sui item dauid peccatori autem dixit deus quare tu enarras iusticias

81 315 1196 77 et assumis testamentum meum per os tuum et secundum gregorium cuius uita despiciatur con re stat ut

92 383 1181 71 predicatio condempnetur hinc est enim quod ysaias a domino ad predicandum mittendus prius ab

93 452 1190 65 tate mundatur et os eius calculo tangitur qui forcipe tollitur de altari prius igitur deb

101 516 1174 68 sacerdotes errata sua corrigere et postmodum ad aliena diluenda festinar

99 576 1176 67 nam et gallus prius se ipsum alarum uerbere corripit et deinde ad horas precinendas

90 640 1197 64 cedit sacerdotes et enim plerumque exempl sue passionis accendunt quos seruit

89 713 1193 53 doctrine diutius confirmare non possunt et uita disciplinis non erudita exemp

93 781 1186 48 religionis de se prestare nescit que in se ipsa experimento non didicit ut g

90 842 1185 56 uita et conuersatio uestra irreprehensibilis appareat et ceteris luceat per

104 907 1177 53 plum expedit u sit iuxta ecclesiam cella uestra nullus uestrum arma uel gla

105 975 1178 44 ad feriendum ferat nisi forte tempore guerre uel ex probabili causa timor

101 1034 1180 36 nullus comam nutriat neque barbam et unusquisque coronam et tonsuram h

106 1092 1178 38 congruentes quas etiam coniugati non bigami priuilegio clericali guaudere

112 1158 1174 41 tes publice portent nullus aut canum aut auium iocis inseruiat nullu

98 1220 1193 36 tatibus crapulis idest gulositatibus litibus scurrilitatibus percussionibus et blasfemiis u

90 1276 1196 42 nullus spectaculis aliquibus que aut in nuptiis aut in cenis fuerit exh

98 1334 1204 47 intersit sed pompas seculi et conuiuia nota publica fugiat priuata uero non

96 1398 1196 45 pudica sed et sobria colat unusquisque uestrum dolos et coniurationes c

103 1454 1187 58 odium emulationes obtrectationes atque inuidiam effugiat non uagis oc

101 1509 1188 64 effrenata lingua aut petulanti fluidoque in gestu incedat sed pu

105 1573 1186 62 ac uecondiam mentis simplici habitu incessuque ostendat obscenitatem

117 1637 1180 58 borum et membrorum sicut et operum penitus execretur senioribus debit

117 1707 1174 50 at obedientiam neque ullo iactancie studio se ipsum attollat bonis mo

129 1759 1172 56 studeat et ab omnibus illicitis cor ac linguam et corpus adeo terre cons

128 1820 1159 53 omnis enim iactancia atque immoderatio a bonis est moribus aliena nullus
