1873 1337
183 110 698 44 cepit que iasoni hoc ordine tradidit conser

169 162 686 45 uanda de traditione rerum ad incantandum

194 216 690 48 in primis tradidit ei quandam ymaginem ar

196 267 675 47 genteam quam dixit esse per incantationem

192 321 686 42 nodos et multi artificii uirtute construc

193 372 677 42 tam que aduersus incantationes iam factas

173 423 698 44 est ualde potissima cassans uidelicet que facta

189 476 713 41 iam sunt et eorum uotiua expulsione fina

191 530 696 39 li repellens de hac igitur iasonem sic instru

195 581 695 39 xit ut eam caute supra se deferat nam ad

200 626 661 41 uersus incantationes quaslibet preualere se

201 672 693 41 sciet uociuorum incantationis uiribus anel

207 721 670 40 latis secundo sibi tradidit cuiusdam umguenti

199 766 674 44 odoriferi medicamen quo ipsum liuire

206 817 688 44 suasit asserens in eo uirtutem inesse ut ad

203 864 664 44 uersus conflammas ualde preualeat extin

207 913 660 48 gat incendia et omne quod habet potenciam

203 963 674 48 comburendi incessa fumositate resol

207 1017 683 44 uat demum quamdam anulum sibi dedit in quo

201 1072 665 40 talis uirtutum lapis erat inclusus ut

213 1123 670 44 quecumque uenena corriperent corum nocumen

205 1180 670 42 ta repelleret et quam ueneni rabies per

203 1240 665 33 fusa forsan inficeret uelut ab aquis in

969 105 676 41 nam de qua illum instuxit ut quam primum

965 159 697 42 perueniret ad boues licore illo in eorum o

974 210 690 40 ra perfunderet et crebris aspersionibus irro

963 262 700 39 raret in licore est illo hanc inesse uir

967 314 700 40 tutem asserunt ut quam primum ora boum in

970 364 689 42 funderentur ex ab illo uelut quod uiscoso

971 414 666 48 glutino sic compacta constringerentur in unum

973 466 705 51 quod eorum apertura non tam difficilis quam im

968 516 715 50 possibilis esset in illis et sic de singulis suc

980 568 681 45 cessiue medea iasonem diligenter instru

973 618 716 42 xit medea igitur suis instructionibus et doc

970 662 697 44 trinis sic demum finem imposuit et da

980 710 681 45 ta iasoni licentia recedendi ante diei

971 758 703 42 comminantis lucis aduentum iason in de

967 810 703 43 cretam sibi cameram furtiuis passibus se

972 865 170 38 recepit

1011 960 673 39 insurgente igitur roseis aurora splendori

1002 1006 707 42 bus et sole aureo luce modica cacumina

969 1059 707 47 montium illustrante iason futiuo surgit

976 1110 691 49 a thalamo in comitia uidelicet herculis et

980 1165 696 51 suorum et oetis regis adiuit solium in quo

978 1218 699 49 ipse rex iam se receperat multorum astanti
