2022 1409
144 103 905 46 interdum et forte quia sanitas ue infirmitas cor

144 158 908 60 poris consistit in quattuor et anime in tribus ut

143 224 906 60 prediximus inde est quod stola corporis dicitur futura

150 291 914 60 in quattuor proprietatibus corporis glorificati et sto

150 359 909 64 la anime principaliter in tribus erunt enim quattuor

156 426 909 71 principales dotes corporis glorificati scilicet sub

144 506 938 60 tilitas et agilitas splendor et impassibilitas

131 570 943 60 iuxta illd in libro sapentie fulgebunt iusti sicut sol

129 636 962 65 in regno patris mei et tanquam scintille in arundineto discurrent fulgebunt per splen

126 710 947 57 dorem sicut sol per immu tabilitatem ad ueritatem siue impassibili

135 774 953 58 tatem quia sol in sua natura est immutabilis et impassibilis

129 835 945 57 taquam scintille per subtilitatem discurrent per agilita

134 908 940 52 tem has quattuo proprietates glorificati coporis in argu

131 977 922 49 mentatione future glorificationis etiam in cane motali

134 1043 930 55 christus ostendit claritatem quando se transfigurauit in mon

137 1113 951 50 te et resplenunt facies eius sicut sol subtilitatem

137 1177 924 52 quando clauso signaculo uirginali tanquam sponsus proces

141 1248 921 54 sit de thalamo suo agilitatem siue leuitatem quando

1218 148 711 52 aliam litteram ubi nos habemus quis

1230 211 699 54 mundum de inmundo conceptum

1221 278 704 49 infans unius diei est sine peccato et p

1224 347 701 49 mus natura filii ire ab hac tamen qui

1217 419 703 49 priuilegiati fuerunt mundati ante nat

1232 490 700 55 in uteris matrum ut ier emias et io annes qui ex

1217 556 711 53 utero matris quorum utrique oc

1214 628 703 52 prius quam te formarem in utero nou

1230 693 689 55 exires de uentre sanctificaui te quod etiam

1227 754 690 55 tendunt de iacob et beata uirgine q

1215 820 701 58 habeatur expressum veniale pecca

1224 892 696 58 ad illicita citra consensum rationis

1224 959 696 60 esse non possumus quia semper iebuse

1221 1022 699 64 in terra nostra que nobis spinas et tribu

1232 1094 688 61 nit germinare de hoc ait beatus io annes

1218 1162 696 67 si dixerimus quod peccatum non habem

1221 1235 698 63 se ducimus et ueritas in nobis non est mor
