1201 1757
192 13 876 52 transportati essent et preterea suplemento adducto quo am

193 67 879 59 plius duabus legionibus quam x milia et quadringenti pedi

184 122 885 57 tes sexcenti equites essent et socium latini nominis duodecim

203 179 864 48 milia sexcenti equites quorum forti opera aduersus celti

198 236 864 47 beros preliis usus quintus fuluius esset quos si uideretur secum

195 302 860 48 deportaret et suplicationes decrete quod is prospere rem

200 361 865 49 publicam gesisset et ceteri pretores in prouincias quinto fab

192 428 865 46 io butroni prorogatum in galliam imperium est octo le

184 487 868 53 giones preter exercitum ueterem qui in liguribus in spe

184 549 870 54 propinqua missionis erant eo anno esse placuit

189 613 869 55 et is ipse exercitus egre explebatur propter pestilentiam

187 675 871 44 que tercium iam annum urbem romanam atque italiam ua

198 736 856 48 stabat pretor titus minutius et haut ita multo post

195 796 866 57 consul gneus calfurnius moritur multique alii omnium

193 858 866 59 ordinum illustres uiri postremo prodigii loco ea

195 927 866 55 clades haberi cepta gneus seruilius pontifex maximus

195 1005 873 48 piacula ire deum conquirere iussi x uiri libros in

190 1072 886 45 spicere consul apolini exculapio salutis dona uo

190 1134 873 46 uere et dare signa inaurata que uouit dedit

183 1194 889 48 que x uiri suplicationem in biduum ualitudinis

194 1250 864 52 causa et per omnia fora conciliabulaque edixerunt
