1857 1392
162 156 786 54 utrum talia obiecta cum circumstanciis talibbus sic

153 226 775 53 sint diuisa scilicet quod aliquis sic est dispositus

156 293 790 56 quod tale bonum non faceret contemplacione

156 364 808 53 minoris boni ue mali sed solum con

161 437 794 57 templatione maioris puta pro uitando

159 500 783 56 dampno xii denarios non iret ad ecclesiam sed

155 564 800 57 pro uitanda una uerberatione in capitulo

161 636 809 52 bene iret alius autem sic est dispositus quod tale

164 705 796 50 bonum opus non faceret contemplatione

173 769 790 51 maioris boni ue mali sed solum mi

168 831 799 54 noris puta pro uitanda una uerberatione

167 898 790 51 in capitulo non iret sed pro uitando dampno

161 965 819 50 amusionis xii denariorum bene iret licet non sine

160 1029 798 48 altero illorum nam sicut obiecta apud diuersos

172 1097 784 51 sic habent diuersas circumstancias ita quod iste

164 1167 824 53 habet obiectum cum tali circumstancia ille uero

157 1230 798 51 alia tunc faciliter poterimus comparare actus

157 1292 831 63 ad inuicem si uero circumstancie utrobique sint

1108 154 703 59 tionis deberet amitteret xii denarios si

1096 230 713 54 enim grauiter peccat cuius uoluntas

1120 299 691 55 tentione uilioris finis inclinat

1106 370 696 53 peccandum ita et minus uirtuose a

1115 435 695 52 qui ex minus bono fine inclinatur a

1123 502 688 52 faciendum si enim uterque talium eque

1124 570 692 54 luntarie ue inuoluntarie fera

1120 639 688 53 ipsum bonum uolitum quanntum ad hoc

1115 708 697 48 non uidetur magis ue minus bene fa

1126 768 686 51 quam alius secundum rationem ipsius uoluntarii s

1123 836 686 56 contingit ex ratione circumstancie add

1136 904 680 50 unde sicut fortitudo est uirtus nob

1123 967 692 51 quam liberalitas et auaricia peius u

1129 1030 684 56 quam timiditas quia amare secundum ratio

1123 1099 694 53 num corporis est melius quam amare

1127 1165 689 53 exteriora secundum rationem et subdi secundum appe

1123 1229 688 52 per amorem inordinatum bonis ex

1123 1296 684 46 bus est peius quam subdi secundum appetitum et
