1877 1316
349 117 1459 58 o mortalium miseranda conditio que semper in arduum labentium

356 174 1449 52 inaniter tendis ut lapsu grauiore ruas queris hic fulgentia du

331 232 1477 46 nores eximios longosque potentatus ubi nulla potentia potens e

296 283 1509 51 uerus honos nullum consistens dyadema sed omnia casus human

81 337 1739 61 et quicquid in altum fortuna tulit ruitura leuat respice reges et regna quon

80 394 1737 60 peria inter laudantium ora atque mirantium repente corruisse ut detur inte

77 448 1726 59 sectantur non ad id quo tendunt euolant sed ad yma dedecorose sepissime

83 503 1736 59 iuxta euangelicum dictum qui se exaltat humiliabitur luce xiiii quisquis

65 567 1755 48 mes uirtutum esse concupiscit stabili fixoque gradu manere inter radiant

77 618 1740 52 choros feliciter collocari normam uirtutum ut hic dux noster fecit discat uni

88 671 1737 56 ut inquit tullius in philippicis omnia alia incerta sunt caduca et mobilia

81 728 1739 53 est una altissimis infixa radicibus que nulla ui labefactari potest nec dimo

80 786 1748 53 quicunque ergo uirtutis uestigia sequetur ut hic dux inclitus merito sibi dicetur qu

78 842 1754 51 principio diximus posuit eum ducem uirtutum uniuersarum quod fuit th

69 897 1746 54 cuius declaratione potest talis ratio formari quisquis composite mentis in

81 956 1734 45 presentis eterni ducis signa sequitur animose illum deus ponit ducem uir

91 1009 1738 46 uersarum sed dux noster inclitus mente celo deditus eterni ducis signa mu

85 1068 1743 44 cutus ergo illum deus posuit ducem uirtutum uniuersarum prima pars an

87 1127 1735 39 patet per illud apostoli secunde thesalonicenses primo non enim dedit nobis deus

86 1176 1738 46 timoris sed uirtutis et ecclesiasticus xl uirtutes exaltant cor et hec pauca de prima p

79 1226 1743 51 detis secunda pars antecedentis que est sed dux noster inclitus et cetera patet per illd io
