1320 1784
322 60 905 58 uo in feudum non succedat nisi prius d

313 111 933 66 domino satisfecerit parique modo pro omnibus i

315 171 906 66 domesticis suis hoc faciat illud

314 234 925 65 quoque precipimus ut si uassallus de f

309 302 945 59 eudo suo alium uassallum habuerit et ua

305 367 940 59 ssalus uassalli dominum domini sui offenderit

304 431 939 59 nisi pro seruitio alterius domini sui hoc fecerit

311 493 924 58 quem sine fraude antea habuerit feudo suo p

316 555 919 55 priuetur et ad dominum suum a quo ipse te

315 622 934 51 nebat reuertatur nisi requisitus ab e

312 685 933 54 o pactus fuerit satisfacere maiori domino quem

319 744 898 54 offendit et nisi uassallus idemque a suo

314 808 911 52 domino requisitus eum qui maiorem

313 870 913 51 dominum offendit requisierit ut sa

307 934 924 54 tis faciat suum feudum amittat pretere

313 997 902 52 a si de feudo inter duos uassallos sit con

259 1059 958 57 trouersia domini sit cognitio et per eum con

740 1119 491 47 trouersia terminetur

329 1124 411 46 si uero inter dominum et

312 1181 893 54 uassallum lis oriatur per pares curie a d

298 1246 925 48 domino suo debito fidelitatis coniurai

309 1307 914 54 tos terminetur illud quoque sancimu

307 1376 917 44 ut in omni sacramento fidelitatis nom

305 1435 907 46 inatim inmperator excipiatur

306 1493 909 46 explicit liber autenticorum

301 1620 905 43 explicit liber autenticorum
