1343 1819
345 43 949 107 culu a latronibus uulnerata per fidem trinitat

347 145 935 96 xxiiii in hoc deserto reparatur alius sermo eodem d

542 246 752 85 qui habitat in adiutorio altissim

533 338 761 88 in protectione dei celi commorabitur

484 435 806 82 inclinauit altissimus celos et descen

493 521 809 90 dit et adeo descendit quod in similitudi

312 617 986 84 nem hominum factus est et habitu inuentus ut

341 711 952 82 homo adeo descendit quod sub manu serui humi

332 803 961 81 liauit se baptizandum unde et baptista con

333 893 955 90 tremuit cum uideret sub manibus suis inclin

337 987 954 89 ri caput tremendum regibus et potestatibus ad

324 1077 963 89 randum adeo humiliauit se ut cum ieiunass

333 1169 952 91 et esuriret ausus est ad eum accedere temptato

327 1260 958 94 ut eisdem iaculis cofoderet quibus primum hominem se

329 1359 953 80 uiuum et uulneratum reliquerat sed uictus est t

327 1451 944 80 ptator et uicit eum altissimus sed quo adiu

326 1541 918 82 torio usus est altissimus ut eum uinceret

323 1634 956 77 ne usus adiutorio potentie sue nequa

301 1734 958 58 posset enim statim conterere sathanam si uellet su
