1212 1757
99 0 961 46 incideret et uox inde erupit et sanguis sicut docet ouidius

88 48 980 47 driades uero sunt quę inter arbores habitant hoc autem ad superiora

90 98 950 51 pertinet quę dixerat mixtis lustrabo menala nimphis nec

90 152 952 49 carmina uobis ipsa placent quia dixerat carmina pastoris

88 207 926 51 siculi modulabor auena ipsę rursus concedite siluę propter

86 265 902 48 illud iam mihi per rupes videor lucosque sonantes nec si

88 319 915 47 frigoribus medium ebrumque bibamus manifeste hoc dicit

92 373 945 49 amore se carere non posse nec si ebrum tracię fluuium

92 433 914 46 mediis frigoribus bibat nec estibus nimiis fiunt in ardenti

87 491 977 49 prouincia dicit autem hoc secundum phisicos qui morbos aut a contrariis

90 551 942 46 aut a similibus asserunt posse depelli sitionasque niues

92 601 977 48 siton mons est tracię liber corticis pars interior uersemur

88 658 941 49 pascamus hec sat erit iam ad musas loquitur gracili

91 720 907 47 fiscellam texit ibisco ac si diceret nisi hac reoccupatus

88 777 987 52 minime canerem allegoricos autem significat se composuisse

100 830 970 49 hunc libellum tenuissimo stilo quantum uere nouo uiridis

92 895 888 52 se subicit alnus amo inquit gallum sed latenter

96 958 906 47 sicut arbores crescunt nam operatio ista hoc significat

82 1012 912 46 propter cęsarem et frugibus umbrę quanto magis hominibus

84 1064 958 46 unde etiam in georgicis et auris optati f p u ite domum

83 1116 1003 49 saturę uenit hesperus ite capellę uerecunde se capellarum

62 1178 984 40 dicit pastorem idest uilissimorum animalium nam buccolica

62 1232 962 47 scribens debuit se dicere boum esse pastorem sed uitans

62 1286 996 47 arogantiam ultimum se uoluit esse principem in scribendis

89 1344 222 50 buccolicis

738 1394 165 42 finis

90 1561 1088 49 uiterbii mcccclv mensis maii nicolao v pontifice maxim

62 1610 1125 59 sedente ego angelus scarponius scolaris hunc librum

91 1672 1005 54 scripsi de uassano scilicet ortanensis diocesis
