1303 1758
201 22 1050 50 egyptum et esto ibi usque dum dicam tibi futurum est

197 87 1065 50 enim ut herodes querat puerum ad perdendum eum

194 150 1089 49 qui consurgens accepit puerum et matrem eius nocte

191 213 1049 50 et secessit in egiptum et erat ibi usque ad obitum

203 273 1075 58 herodis ut adimpleretur quod dictum est a domino per prophetam

201 332 1055 53 dicentem ex egipto uocaui filium meum tunc he

191 393 1053 51 rodes uidens quoniam illusus esset a magis iratus est

201 454 1008 48 ualde et mittens occidit omnes pueros qui erant

193 510 1081 49 in bethleem et in omnibus finibus eius ab imatu et infra

198 573 1055 45 secundum tempus quod exquisierat a magis tunc ad

193 630 1070 43 impletum est quod dictum est per ieremiam prophetam

197 687 1076 48 dicentem vox in rama audita est ploratus et ulu

197 749 1047 47 latus multus rachel plorans filios suos et

194 813 1052 48 noluit consolari quia non sunt collecta deus

201 873 1041 43 cuius hodierna in laudibus antiphona herodes iratus occidit mul

194 927 1006 47 tos pueros in bethleem iude ciuitate dauid capitulum

300 990 958 42 uidi supra montem syon agnum stantem et cum eo cen

209 1045 1055 44 tum quadraginta quatuor milia habentes no

198 1102 1081 50 men eius et nomen patris eius scriptum in frontibus suis

181 1163 1101 46 responsorium exultent iusti uersus iusti in perpetuum ad benedicite antiphona hi sunt

198 1223 1054 46 qui cum mulieribus non sunt coinquinati uirgines enim sunt et secuntur

197 1285 1048 44 agnum quocunque ierit collecta ut supra ad i antiphona angeli eorum

193 1341 1067 46 semper uident faciem patris ad iii antiphona vox in rama au

194 1400 1086 47 dita est ploratus et ululatus rachel plorans filios suos cap et coll

203 1459 1056 45 sicut in l ad vi antiphona sub t h rono dei sancti clamabant uindica

197 1517 916 45 sanguinem nostrum deus noster capitulum

291 1574 962 47 hii sunt qui cum mulieribus non sunt coinquinati

259 1635 1019 46 uirgines enim sunt hi secuntur agnum quocunque ierit
