1365 1816
326 82 853 50 fratrem guillelmum petri de godino baionensis ordinis

306 142 861 51 fratrum predicatorum magistrum in theologia parisiensem

272 204 898 47 assumpsit in presbiterium cardinalem tituli

216 264 962 42 sancte cecilie idem dominus clemens papa vus sabbato in

223 327 955 45 ieiuniis iiiior temporum in aduentu x kalendas ianu

224 394 917 44 arii anno domini m ccc xii pontificatus sui

217 460 941 43 anno viii erat autem tunc lector sacri palacii ubi

218 526 979 42 legerat iam vi annis fueratque prior prouincialis

227 590 942 42 in prouincia prouincie ordinis predicatorum primo et in

217 647 970 53 prouincia tholosana hunc postmodum fecit episcopum car

223 719 948 43 dinalem sabinencem dominus iohannes papa hic fecit construi to

216 782 970 53 tam ecclesiam preter capus fratrum predicatorum tholose suis sumptibus

224 842 220 44 et expencis

296 902 867 53 ratrem matheum de urssinis de ciuitate

296 974 876 44 romana magistrum in theulogia parisiensem de cuius

228 1038 946 46 ospicio ante longe fuerant assumpti a quidam pape et

233 1099 944 43 eciam inperatores nec non et plures cardinales assump

233 1152 956 52 sit in presbiterum cardinalem tituli sanctorum iohannis et pauli

228 1213 945 56 dominus iohannes papa in ieiuniis iiiior temporum aduentus

239 1259 941 58 xiiii kalendas ianuarii anno domini m ccc xx vii iste fuit

231 1306 948 61 in vii capitulo generali burdegale celebrato anno domini m

232 1343 978 74 ccc xx iiii erat enim prior prouincialis romane prouincie in

235 1403 584 60 quo capitulo fuit grauiter infirmus

276 1461 939 104 fratrem geraldum de domaro briuensis ordinis

290 1519 906 110 fratrum predicarum magistrum in theologia parisiensem

226 1578 1012 135 assumpsit in presbiterum cardinalem tituli sancte sabine dominus

224 1639 1031 139 clemens papa vius sa sabbato in ieiuniis iiiior

482 1699 759 103 festiuitate exaltacionis sancte crucis
