1733 1257
283 121 1375 51 rentur inanes alique fuisse que furti essent excicate sic tu etiam sic quod

274 180 1383 51 scribes scribito tamen ne furtum cessationis que simile videas ualde

290 238 1353 50 enim mi semper et uera et dulcia tuis epistulis nunciantur ama nos

282 299 1285 54 et uale quintus cicero tironi suo salutem plurimam dicit

252 353 1416 49 mirificaui mi uerberationem cessationis epistula dedisti nam

473 410 1185 43 que frater partius perscripserat uerecondia uidelicet et propera

249 464 1421 45 tione eam tum sine assensione ut erant de me scripsisti et maxime

290 522 1416 45 consulibus designatis quos ego penitus noui libidinum et langoris et effe

294 577 1391 47 minatissimi animi plenos qui ubi a gubernaculis recesserint maximum

286 634 1324 45 ab uniuerso naufragio periculum est incredibile est que ego illos

291 687 1346 53 scio appositis gallorum castris in estiuis fecisse quos ille latro ubi

292 748 1361 51 aliquid firmius fuit societate uitiorum deliniet res est aut tri

291 805 1376 48 bunicis consiliis minuenda nam isti duo uix sunt digni quibus

295 861 1397 45 alteri cossutinarum tabernarum fundamenta credas te ut dixi

292 916 1372 44 fere celeris ego uos ad iiii kalendas uidebo tuosque oculos et si te uenies

284 967 1154 50 in medio foro uideo dissamabor me ama uale

1429 1079 277 50 lxv

301 1136 1425 107 deo gratias amen 1450
