1344 1850
287 43 963 38 uestrę quare hunc sermonem necesse habui

281 114 974 62 uobis promere ex quo hic sumus euntes ad

289 198 959 61 ęcclesiam et redeuntes pauperes interpellant

281 295 996 41 nos et dicunt ut dicamus uobis ut aliquid acci

287 374 1008 43 piant a uobis nos nouerunt uel runt loqui uobis et se ui

281 444 1003 59 dent non accipere a uobis inaniter nos arbitran

250 519 997 67 tur laborare in uobis expectant aliquid

273 607 1004 64 et a nobis damus quantum habemus damus sicut

273 680 962 63 possumus numquid tamen ad eorum necessitatem

268 772 987 64 supplendam idonei sumus quia ergo ad eorum

271 857 999 61 necessitatem implendam idonei non sumus uel

266 938 1020 61 ad uos legati ipsorum sumus audistis laudas

273 1020 975 63 tis deo gratias egistis semen accepistis uerba

253 1113 1014 59 reddidistis laudes istae uestrę grauant nos poti

269 1195 970 64 us et in periculum mittunt toleramus illas

269 1281 989 65 et tremimus inter illas tamen fratres mei iste lau

273 1370 988 61 des uestrę folia sunt arborum fructus quęritur

268 1449 984 56 explicit item eiusdem de verbis

267 1530 970 62 domini in auangelio secundum matheum de

264 1612 955 62 pvero centvrionis et verbis

267 1714 938 53 eius indignvm se presentia domini
