1304 1766
287 47 783 43 choraule pallio tyriantino quo ille

287 108 773 40 uelut spolio nobilitatis exultat me

285 166 791 39 sale nomen uxoris iam quid lineas petita

287 224 777 41 egypto loquar quid tyro et sydona

275 286 787 40 tenuitate per lucida micantes purpura

287 349 784 41 plumandi difficultate per nobiles dona

278 411 784 40 ti sun atrabatitis biri petiti donati bi

281 473 770 39 ri canussini africane opes inscenari

286 540 768 32 prius uise et hec quidem idcirco ego in lit

287 602 775 33 teras retuli quod futuros editores pudore

283 660 777 34 tangeret ne patrimonia sua pro scriptis

287 716 778 35 legitimis heredibus mimis et balteonibus

279 780 798 40 deputarent habe mi amice meum mimus

286 841 774 41 quod ego ut sepe dixi non eloquientie causa

291 903 769 39 sed curiositatis in lumen edidi id preci

288 970 774 32 pue agens ut siquis eloquens uellet facta

295 1031 768 35 principum reserare materiam non requiuireret

292 1087 788 45 habituros meos libellos ministros elo

287 1154 778 42 quii te queso sis contentus nosque sic uo

290 1215 788 42 luisse scribere melius quam potuisse conten

281 1279 794 40 das fe li ci ter amen

287 1396 764 43 explicite uite diuersorum principum et

289 1455 772 51 tyrannorum a diuo adriano usque ad numer

288 1517 764 51 ianum feliciter utere felix scriptus fuit

293 1580 758 55 sub millesimo ccc lvi de mense februario et

296 1643 754 49 scripsit eum frater iohannes de campagnola

265 1702 781 54 reginensis diocesis deo gratias amen amen amen
