1792 1302
232 75 504 36 tiam considerans dicit qui

232 131 488 45 de terra est de terra loquitur qui

224 195 518 43 de celo uenit super omnes est

227 256 511 41 tu autem domine responsorium descen

224 317 521 42 det dominus sicut pluuia in uel

228 376 502 46 lus orietur in diebus eius iusticia

236 439 512 40 et habundancia pacis uersus et ado

239 499 504 44 rabunt eum omnes reges omnes

236 564 536 49 gentes seruient ei orietur lectio viii

362 627 352 42 cur in carcere positus

372 687 370 44 mittens discipulos

235 748 544 42 requirit tu es qui uenturus e

242 807 506 44 an alium expectamus tanquan

235 871 492 40 si ignoret quem ostenderat

235 933 489 41 et an ipse sit nesciat quem

239 992 513 42 ipsum esse prophetando baptisando

241 1051 502 41 ostendendo clamauerat sed

243 1111 478 41 hec cicius questio soluitur

239 1170 476 44 si geste rei tempus et ordo

239 1236 562 36 pensetur tu autem responsorium monte

867 76 542 46 rem an ipse ueniat requirit

875 137 506 45 non quia ipsum esse mundi re

878 197 489 47 demptorem dubitat sed que

871 260 484 47 rit ut sciat si is qui per se

872 323 504 44 in mundum uenerat per

877 387 484 43 se eciam ad inferni clau

875 445 496 44 stra descendat quem enim

881 509 490 44 precurrens mundo nuncia

873 569 518 44 uerat hunc moriendo et ad

879 633 512 43 inferos precurrebat tu autem

886 691 504 44 responsorium ecce radix iesse ascendet in sa

874 749 513 45 lutem populorum ipsum gentes

876 812 498 44 deprecabuntur et erit nomen

875 872 492 45 eius gloriosum uersus dabit illi

874 934 504 45 dominus deus sedem dauid patris

875 993 501 41 eius et regnabit domo iacob in e

872 1047 513 44 ternum et erit gloria patri responsorium ec

871 1111 535 44 ce radix uersus ante laudes ostende in laudibus antiphona

925 1171 428 45 ueniet dominus et non

978 1227 400 56 tardabit et illuminabit
