1242 1743
197 197 373 34 regnum telorum sed tamen dicti

192 233 382 35 iudei expectauerunt et credi

198 272 374 35 derunt uenturum sicut patres

193 310 366 36 eorum antiqui crediderunt et

191 352 376 34 tamen in inferno fuerunt et qui

193 390 385 32 si uixissent usque ad tempus

194 428 370 34 aduentus prophete christi tantum

195 469 372 35 credidissent ipsi christum quan

202 507 371 36 tum et isti crediderunt cum

187 547 374 35 christus prophetam aggrauare debe

190 588 369 34 bat corda iudeorum et eorum

194 626 342 35 oculos excecare et aures

193 666 369 35 claudere ut ysaias vi et per

204 705 338 36 consequens credere non

189 742 373 35 poterant ut iohannes xii nonne

185 786 388 34 antiqui patres eorum interfecerint

196 827 350 32 sanctos prophetas etiam a deo

189 868 359 33 missos sicut ysayam et

193 909 367 31 ieremiam et alios quam plures

191 949 383 33 sed tamen dicti antiqui et sancti

187 988 378 33 patres in inferno dampnati

185 1029 393 32 fuerunt in sanguine testamenti

191 1067 381 32 saluati de inferno ergo et

190 1105 397 33 isti dicite michi o iusticia

191 1146 367 32 quid habuit significare de

199 1183 354 32 latere christi iudicis nostri

182 1222 379 34 sanguinem et claram aquam

186 1259 379 35 emanasse ait iusticia nescio

186 1299 395 37 ait misericordia postquam nescis

182 1341 404 35 te docebo et ait ipsa sanguine

193 1380 373 32 ille fuit sanguis federis de

184 1419 384 35 quo supradictum est in quo san

678 202 414 35 guine omnes circumcisos non

697 239 398 33 preuaricatores legis et adeo

703 277 373 32 et legis non fornicatores

701 315 392 34 educere debebat de inferno

697 353 406 34 aqua illa fuit federis gentium

706 392 412 33 populi in qua aqua ipse dictas

698 431 402 33 gentes in populum et regnum

704 470 394 35 debebat hereditare ut ysaye

702 511 406 34 lii sic ingloriosus erit inter

706 547 410 37 uiros aspectus et forma eius

702 587 403 38 inter filios hominum ipse asperget

697 629 420 33 gentes multas super ipsum conti

710 671 394 34 nebuntur reges os suum quia

704 709 398 35 quibus non est narratum non

702 748 400 34 de eo uidebunt et qui non

706 787 394 36 audierunt contemplati sunt

713 828 381 33 et etiam ipse christus qui debuit

714 868 374 33 exprimi cum semper inter istos

696 905 404 35 duos populos fuerit distinctio

709 948 399 35 ut gennesis xxv et ester x de

708 989 364 34 quibus sanguine et aqua

706 1029 384 32 habetur figura leui xiiii c

711 1070 395 35 in fine ubi sacerdos legis in

699 1106 384 33 sanguine et aquis uiuentibus

709 1146 401 33 aspergebat leprosum et munda

707 1186 397 33 batur ita christe legis sacerdos

706 1224 431 32 aspergens de suo latere sanguinem

712 1265 392 32 et aquam uiuam mundum leprosum

702 1304 406 33 in peccatis mundauit et mundabit

749 1346 335 34 as illus quos dicis de

700 1381 403 36 tribus sceleribus et de quarto

705 1424 406 35 etcetera tu iusticia debes scire te
