1888 1379
196 246 1575 80 b enedictus episcopus seruus seruorum dei uenerabili fratri episcopo magalonensi salutem

162 332 1556 70 et apostolicam benedictionem dudum ad audientiam nostri apostolatus peruenit perlate

168 411 1590 64 quod pro eo quod in castro de brixiaco magalonensis diocesis ad tuam magalonensem

179 489 1601 55 ecclesiam et dilectum filium nobilem uirum raymundum petri militem dominum

150 561 1668 56 agauticĩ eiusdem diocesis communiter pertinente per quosdam iudices seculares curie

174 636 1588 60 communis ecclesie ac nobilium predictorum contra quadam michaelem gauterie et

178 708 1589 59 emengardam de carnicis ac agnetem fabrice mulieres ut asserebatur

176 781 1592 59 sortilegas et maleficas certus habitus processus fuerat et condempna

179 862 1581 58 cionis sententia promulgata et executioni mandata in officii dilecti filii

184 932 1610 59 inquisitor heretice prauitatis in illis partibus auctoritatee apostolica deputati

183 1004 1582 58 ut dicebatur preiudicium et contemptum per eundem inquisitor seu

174 1080 1647 59 de mandato suo contra nonullas personas certi fuerant facti processus ro

183 1149 1609 67 certis ex causis tam de toto processu super premissione habito per dictos iudiceses

180 1232 1556 62 seculares quam processu predicto per eundem inquisitorem uel de suo
