1239 1730
109 21 558 57 fecit constantinus celebrari concilium

229 94 922 61 expliciunt tituli libri primi incipit liber i

213 168 1022 66 oratio allocutoria sozomeni ad theodosium imperator

450 243 621 57 aiunt antiquis principibus diligen

445 317 648 58 tie studium fuisse ut eis amato

446 394 656 60 res quidem ornamentorum purpuram

446 473 654 58 atque coronam et his similia prepa

439 553 642 60 rarent librorum uero habentes inten

61 631 1013 58 tionem circa quasdam fabulas occupati conscrip

105 713 1005 58 tiones agerent que audientium corda mulcerent

113 785 987 59 porro bella sectantes ut sagittam oportune diri

116 861 980 60 gerent bestiam prosternerent lanceam bene iacula

120 938 989 61 rentur aut equum decenter ascenderent presentabantur

115 1017 945 59 enim singuli regalibus eorum studentes rebus illis que

124 1093 962 61 forent gratissime dominatui auus itaque lapides

132 1169 962 60 preciosos difficile compertos offerebat alter tinctu

122 1248 976 60 ram purpura clariorem plurimi poemata aut

122 1325 964 61 diuersas conscriptiones insinuabant alius bona

129 1401 959 62 cingul aut optimum armorum pandebat usum

124 1477 978 62 maxima uero et imperialis putabatur huius popularis
