1723 1213
300 33 1189 42 rigritarum getulorumque passim uagantium ne littora qui infe

294 93 1152 47 cunda sunt purpura et murice efficacissimis ad tingendum et

294 150 1148 50 ubique que intinxere clarissima reliqua est ora mauritanię

288 212 1145 48 exterior et in finem sui fastigantis se africę nouissimus

281 276 1172 47 angulus iisdem opibus sed minus diues cęterum solo ditior

290 338 1171 47 et adeo est fertilis ut frugum genera non cum serantur modo be

290 394 1134 52 nignissime procreet sed quedam profundat etiam nota hic an

287 454 1158 53 theus regnasse dicitur et signum quod fabulę prorsus osten

278 510 1163 61 ditur clarum collis modicus resupini hominis imagine iacentis

288 567 1139 61 illius ut incolę ferunt tumulus unde ubi aliqua pars erupta

280 630 1157 61 est solent imbres spargi et donec effossa repleantur eueniunt

279 701 1169 48 hominum pars siluas frequentant minus quam quos modo diximus ua

277 767 1148 44 gi pars in urbibus agunt quarum ut inter paruas opulentissimę habentur

283 824 1158 43 procul a mari gilodano dulbritania propius autem sola

278 881 1136 51 et lixio flumini limo proxima ultra est colonia et

273 939 1146 52 fluuius gna et unde initium fecimus ampelusia in

271 998 1162 55 nostrum iam fretum uergens promontorium operis huius atque

264 1060 859 61 atlantici littoris terminus τέλος

463 1139 540 41 xxiiii aprilis 1450

1536 408 184 68 antheus

1513 571 206 33 anthei tu

1566 611 66 32 lus

1505 931 185 57 gna fl

1490 998 213 57 ampelusia
