1742 1274
78 83 1599 77 priis eoꝝ uerbis utens quę apta erant meo studio temperaui

17 180 1722 79 interdum autẽ quę manifesta non dubiũ uidebantur uera ratione

78 277 1635 81 firmaui et contra quęq. in eiusdem libri margine litteras doctoꝝ

81 375 1608 72 quos premisi ex initio nominis e regione figere curaui propter

77 473 1663 78 quod lege securus & ꝑfice quę monui deuotus explicit prolog᷒

73 569 1169 74 incipivnt capitvla

11 671 1284 72 i xp̃i cõmunionẽ uerũ corpus ei᷒ & sanguinẽ esse

14 768 1403 71 ii q̃d hoc mysteriũ xp̃i nullus fideliũ debeat ignorare

10 860 1151 74 iii quid sint sacramenta uel quare dicantur

20 953 1533 81 iiii vtrũ sub figura an in ueritate hoc mysticũ fiat sacramentũ

15 1046 1196 84 v quid sit inter immolationes ueterũ figurasq.

75 1148 1280 86 legaliũ & int̃ sacramentũ dñici corporis & sanguinis
