1243 1701
670 220 570 44 per correr miglior aqq

667 278 564 43 omai la nauicella del mio in

669 340 566 45 che lascia dietro a se mar

660 403 580 53 e cantero di quel secondo

662 467 577 48 oue l umano spirito si pur

658 528 581 50 e di salir a ddio diuenta de

596 586 637 60 ma qui la morta poesi ri

666 651 568 48 o sante muse poi che uost

678 714 561 46 e qui caliope alquanto sur

308 774 897 57 seghuitando el mio canto con quel sono

335 840 804 53 di chui le picche misere sentiro

337 906 789 52 lo colpo tal che desperar ꝑdono

329 969 785 59 dolce color d oriental zaphiro

332 1027 848 58 che s acolgeua nel sereno aspecto

334 1090 839 50 dilaer puro insino al primo giro

322 1154 808 56 agli occhi mei ricomincio dilecto

323 1216 793 55 tosto ch io usci de l aura morta

335 1280 891 51 che m auia contristati gli occhi e l p

347 1337 893 55 lo bel pianeta che d amar conforta

344 1400 726 52 faceua tucto rider l oriente

328 1468 912 51 uelando ei pesci ch eram in sua scort
