1356 1847
500 67 811 86 dominica prima in aduentu domini capl̃m

491 121 756 68 super montem excelsum ascende tu

499 165 797 83 qui euuangelizas syon ex alta in forti

506 221 783 78 tudine uocem tuam qui euuangelyzas

502 278 787 84 hierusalem ex alta noli timere dic ciui

316 332 977 95 tatib iude ecce deus uester ecce dies ueni

304 387 980 93 unt dicit dominus et suscitabo dauid germen iustum et

304 445 976 90 regnabit rex et sapiens erit et faciet iuditium et iustitiam

308 500 936 82 in terra et hec est nomen quod uocabunt eum dominus

298 559 969 88 iustus noster in diebus illis saluabitur iuda et isra

290 617 989 86 hel habitabit confidentes et hoc est nomen ymnus

437 672 830 83 conditor alme syderum eterna lux credenti

435 727 820 81 um xpiste redemptor omnium exaudi 

412 785 856 78 ces supplicum qui condolens interitu

292 844 932 63 mortis perire seculum saluasti mundum lan

292 901 938 47 guidum donans reis remedium vergente mundi

298 949 965 61 uespere uti sponsus de thalamo egressus honestissi

292 1010 964 57 ma uirginis matris clausula cuius forti potentie

286 1067 979 51 genu curuantur omnia celestia terrestria nutu

296 1120 957 58 fatentur subdita ocasum sol custodiens luna pallo

291 1177 938 53 rem retinens candor in astris relucens certos ob

289 1234 962 52 seruat limites te deprecamur agye uen

285 1294 916 49 ture iudex seculi conserua nos in tempore

288 1353 956 41 hostis a telo perfidi laus honor uirtus

289 1407 928 42 gloria deo patri et filio una cum sancto spiritu

286 1464 984 40 in sempiterna secula amen horate celi desu

282 1517 973 41 per et nubes pluant iustum aperiatur certa et germinet

287 1575 993 43 saluatorem in eug̃ ã ecce nomen domini uenit de lon
