1720 1225
467 87 1168 41 aiat ardis tanta ardebat cura ut architecto permiserit uel

473 138 1171 45 ut suã pecuniam consumeret dũmodo perduceret specus e

471 192 1191 51 pistrinis in mare abiecta mole qua estus bis quotidie ab ex

467 252 1194 52 ora luna ad proximũ nouã introire ac redire rursus in ma

471 313 1204 51 re posset ac refrigerare piscinas nos cum hęc & ecce stre

479 369 1167 53 pitus destra atq. leua candidatus noster designatus ędilis

475 432 1168 44 adest ad uillã cui nos occidimus & gratulati ĩ capitoliũ

474 490 1188 39 persequimur illo inde cuncto suã domũ nos nostrã oppi

471 544 1171 48 nioni nostro sermone de pastione uillatica sumatim hoc

480 600 1171 48 quẽ exposui habito m terrencii uarronis rerũ rustica

468 658 1184 48 rum de uillaticis pastionibus liber tercius explicit fe

469 724 336 50 liciter 1414
