1743 1259
790 161 850 58 ego omni officio ac poti᷒

766 238 857 58 pietate erga te ceteris satisfacio omnibus mi

766 315 850 61 hi ipse nunꝙͣ satisfacio tanta enim est ma

776 390 862 61 gnitudo tuorum erga me meritorum ut quo

774 470 874 59 niam tu nisi perfecta re de me non conquie

768 547 880 53 sti ego  idem in tua causa non officio uitã

778 621 868 60 mihi esse acerbam putem in causa hęc sunt

767 697 862 57 hamonius regis legatus aperte pecunia nos

771 770 862 60 oppugnat res agitur per eosdem competi

150 849 1472 59 tores per quos cum tu aderas agebatur regis causa si qui sunt qui uelint ꝗ

83 929 1547 53 pauci sunt omnes rem ad pompeium deferri uolunt senatus religionis calũ

149 1002 1476 58 niam non religione sed maleuolentia & illius regiae largitionis inuidia cõ

135 1080 1518 58 probat pompeium et hortari et orare et iam liberius accusare et monere

150 1156 1494 60 ut magnam infamiam fugiat non desistimus sed plane nec precibus nr̃is
