1762 1239
490 114 1150 65 m t c epistolarũ ad atticũ l xiii in

755 257 467 66 cipit feliciter

472 401 1166 69 cicero attico sal. ad ciceronem ita scripsisti

494 478 1174 61 ut neq seuerius neq temperatius scribi potuerit

462 556 1208 57 nec magis ꝙͣ quẽad o modũ ego maxime uellem

479 628 1170 55 prudentissime et̃ ad tullios quare aut ista pro

486 700 1148 55 ficient aut aliud agamus de pecunia uͦ uideo

483 774 1149 53 a te omnẽ diligentiam adhiberi uel potius iam

481 846 1158 54 adhibitã esse efficis a te hortos habeo nec uͦ ul

479 921 1149 56 lum genus possessionis est quod malim maxi

473 993 1171 54 me scilicet ob eam causam quae suscepta est cu

479 1077 1158 39 ius festinatione mihi tollis qm̃ de estate pol

477 1147 1134 41 liceris uel potius recipis deinde et̃ ad καταβί uitã
